

@article{Risk,
  title={Risk taking by entrepreneurs},
  author={Vereshchagina, Galina and Hopenhayn, Hugo A},
  journal={American Economic Review},
  volume={99},
  number={5},
  pages={1808--30},
  year={2009}
}


@article{Entrep,
  title={Approaches of Czech entrepreneurs to debt financing and management of credit risk},
  author={Klju{\v{c}}nikov, Aleksandr and Bel{\'a}s, Jaroslav},
  journal={Equilibrium-Quarterly Journal of Economics and Economic Policy},
  year={2016},
  publisher={Institute of Economic Research-Poland}
}

@article{Efron,
  title={Bootstrap methods for standard errors, confidence intervals, and other measures of statistical accuracy},
  author={Efron, Bradley and Tibshirani, Robert},
  journal={Statistical science},
  pages={54--75},
  year={1986},
  publisher={JSTOR}
}



@article{RFTune,
  title={Tunability: importance of hyperparameters of machine learning algorithms},
  author={Probst, Philipp and Boulesteix, Anne-Laure and Bischl, Bernd},
  journal={The Journal of Machine Learning Research},
  volume={20},
  number={1},
  pages={1934--1965},
  year={2019},
  publisher={JMLR. org}
}

@article{Molinaro,
  title={Prediction error estimation: a comparison of resampling methods},
  author={Molinaro, Annette M and Simon, Richard and Pfeiffer, Ruth M},
  journal={Bioinformatics},
  volume={21},
  number={15},
  pages={3301--3307},
  year={2005},
  publisher={Oxford University Press}
}


@article{grinold2000,
  title={Active portfolio management},
  author={Grinold, Richard C and Kahn, Ronald N},
  year={2000},
  publisher={McGraw Hill New York, NY}
}


@inproceedings{Data,
author = {Berka, Petr},
title = {{Workshop notes on Discovery Challenge PKDD'99}},
url = {http://lisp.vse.cz/pkdd99/},
year = {1999}
}

@article{Breiman2001,
  title={Random forests},
  author={Breiman, Leo},
  journal={Machine learning},
  volume={45},
  number={1},
  pages={5--32},
  year={2001},
  publisher={Springer}
}

@article{AtheyImbensRecursive,
  title={Recursive partitioning for heterogeneous causal effects},
  author={Athey, Susan and Imbens, Guido},
  journal={Proceedings of the National Academy of Sciences},
  volume={113},
  number={27},
  pages={7353--7360},
  year={2016},
  publisher={National Acad Sciences}
}


@book{Boehmke,
  title={Hands-on machine learning with R},
  author={Boehmke, Brad and Greenwell, Brandon M},
  year={2019},
  publisher={CRC Press}
}


@article{AtheyASA2018,
  title={Estimation and inference of heterogeneous treatment effects using random forests},
  author={Wager, Stefan and Athey, Susan},
  journal={Journal of the American Statistical Association},
  volume={113},
  number={523},
  pages={1228--1242},
  year={2018},
  publisher={Taylor \& Francis}
}

@book{ESL,
  title={The Elements of Statistical Learning},
  author={Friedman, Jerome and Hastie, Trevor and Tibshirani, Robert},
  volume={1},
  number={10},
  edition = {2},
  year={2009},
  publisher={Springer series in statistics New York}
}

@article{AtheyGRF2019,
  title={Generalized random forests},
  author={Athey, Susan and Tibshirani, Julie and Wager, Stefan},
  journal={Annals of Statistics},
  volume={47},
  number={2},
  pages={1148--1178},
  year={2019},
  publisher={Institute of Mathematical Statistics}
}

@article{Athey2019Application,
  title={Estimating treatment effects with causal forests: An application},
  author={Athey, Susan and Wager, Stefan},
  journal={arXiv preprint arXiv:1902.07409},
  year={2019}
}

@article{StateOfEconometrics,
  title={The state of applied econometrics: Causality and policy evaluation},
  author={Athey, Susan and Imbens, Guido W},
  journal={Journal of Economic Perspectives},
  volume={31},
  number={2},
  pages={3--32},
  year={2017}
}

@Manual{Texevier,
    title = {{Texevier}: {P}ackage to create Elsevier templates for Rmarkdown},
    author = {N.F. Katzke},
    organization = {Bureau for Economic Research},
    address = {Stellenbosch, South Africa},
    note = {version 0.1.2},
    year = {2017},
  }
